@online{debian,
	author = {{Debian Project}},
	title = {About Debian},
	year = 2016,
	url = {https://www.debian.org/intro/about},
	urldate = {2016-04-17},
}

@online{ubuntu,
	author = {{Ubuntu Foundation}},
	title = {Ubuntu Features},
	year = 2016,
	url = {http://www.ubuntu.com/desktop/features},
	urldate = {2016-04-17},
}


@online{fedora,
	author = {{Fedora Project}},
	title = {Fedora Project Wiki},
	year = 2016,
	url = {https://fedoraproject.org/wiki/Fedora_Project_Wiki/es},
	urldate = {2016-04-17},
}


@online{slackware,
	author = {{Slackware Project}},
	title = {General Information},
	year = 2016,
	url = {http://www.slackware.com/info/},
	urldate = {2016-04-17},
}


@online{archlinux,
	author = {{Arch Linux Project}},
	title = {ArchWiki},
	year = 2016,
	url = {https://wiki.archlinux.org/},
	urldate = {2016-04-17},
}

@book{embedded,
	author = {{Steve Health}},
	title = {{Embedded System Design}},
	year = 2003,
}

@online{fedorabased,
	author = {fedoraproject.org},
	title = {List of Fedora remixes},
	year = 2016,
	url = {https://fedoraproject.org/wiki/List_of_Fedora_remixes},
	urldate = {2016-04-17},
}

@online{xfce,
	author = {{XFCE Project}},
	title = {About XFCE},
	year = 2016,
	url = {http://www.xfce.org/about},
	urldate = {2016-04-17},
}


@online{freenas,
	author = {{FreeNAS Project}},
	title = {About FreeNAS},
	year = 2016,
	url = {http://www.freenas.org/about/features.html},
	urldate = {2016-04-17},
}

@online{clearos,
	author = {{ClearOS Project}},
	title = {About ClearOS 7 Community},
	year = 2016,
	url = {https://www.clearos.com/clearfoundation/software/clearos-7-community},
	urldate = {2016-04-17},
}

@online{smoothwall,
	author = {{SmoothWall Express Project}},
	title = {About SmoothWall Express},
	year = 2016,
	url = {http://www.smoothwall.org/about},
	urldate = {2016-04-17},
}

@online{redhatenterprise,
	author = {{Red Hat Enterprise Linux Project}},
	title = {About Red Hat Enterprise Linux 7},
	year = 2016,
	url = {https://www.redhat.com/en/about/press-releases/red-hat-unveils-red-hat-enterprise-linux-7-redefining-enterprise-operating-system},
	urldate = {2016-04-17},
}

@online{redhatenterprise2,
	author = {{Fedora Project}},
	title = {History of Red Hat Linux},
	year = 2016,
	url = {https://fedoraproject.org/wiki/History_of_Red_Hat_Linux},
	urldate = {2016-04-17},
}

@online{centos,
	author = {{CentOS Project}},
	title = {CentOS Project Wiki},
	year = 2016,
	url = {https://wiki.centos.org/FAQ/General},
	urldate = {2016-04-17},
}

@online{openbox,
	author = {{OpenBox Project}},
	title = {OpenBox Project Wiki},
	year = 2016,
	url = {http://openbox.org/wiki/Main_Page},
	urldate = {2016-04-17},
}


@online{GNOME,
	author = {{GNOME}},
	title = {GNOME Desktop},
	year = 2016,
	url = {http://i1-linux.softpedia-static.com/screenshots/gnome-desktop_1.png},
	urldate = {2016-04-20},
}

@online{KDE,
author = {{KDE}},
title = {KDE Desktop},
year = 2016,
url = {https://www.kde.org/announcements/4.1/screenshots/desktop.png},
urldate = {2016-04-20},
}

@online{Ubuntu,
author = {{Ubuntu}},
title = {Ubuntu Desktop},
year = 2016,
url = {http://www.ubuntugeek.com/wp-content/uploads/2012/05/3.png},
urldate = {2016-04-20},
}

@online{Mikrotik,
author = {{Mikortik Inc}},
title = {Mikortik},
year = 2016,
url = {http://www.mikrotik.com/},
urldate = {2016-04-20},
}

@online {RaspbianOS,
author = {{Raspberry Pi}},
title = {Raspberry Pi Desktop},
year = 2016,
url = {https://www.raspberrypi.org/},
urldate = {2016-04-20},
}

@online{RaspberryPi,
author = {{RaspberryPi}},
title = {Raspberry Pi Hardware},
year = 2016,
url = {https://www.raspberrypi.org/},
urldate = {2016-04-20},
}



